<?xml version="1.0" encoding="UTF-8"?><collection xmlns="http://www.loc.gov/MARC21/slim"><record><leader>00693nam--2200181-i-4500</leader><controlfield tag="001">000016681</controlfield><controlfield tag="002">20161230</controlfield><controlfield tag="005">20161230201031</controlfield><controlfield tag="008">060222s1000------------r-----000-0-eng-d</controlfield><datafield ind1=" " ind2=" " tag="040"><subfield code="a">IFIN-HH</subfield></datafield><datafield ind1=" " ind2=" " tag="080"><subfield code="a">539.144(063)</subfield></datafield><datafield ind1="1" ind2=" " tag="100"><subfield code="a">Feldmeier, Hans</subfield></datafield><datafield ind1="1" ind2="0" tag="245"><subfield code="a">Hirschegg 97 : qcd phase transitions</subfield><subfield code="b">Proceedings of the international workshop xxv on gross properties of nuclei and nuclear excitations hirschegg, austria january 13-18, 1997</subfield><subfield code="c">Hans feldmeier, jorn knoll, wolfgang norenberg, jochen wambach (eds.)</subfield></datafield><datafield ind1=" " ind2=" " tag="260"><subfield code="a">Darmstadt</subfield><subfield code="b">Gesellschaft Fur Schwerionforschung</subfield><subfield code="c">1997</subfield></datafield><datafield ind1=" " ind2=" " tag="300"><subfield code="a">458 P</subfield></datafield><datafield ind1="1" ind2=" " tag="700"><subfield code="a">Wambach, Jochen</subfield><subfield code="e">Ed</subfield></datafield><datafield ind1=" " ind2=" " tag="852"><subfield code="a">72096</subfield><subfield code="c">539.14</subfield></datafield><datafield ind1=" " ind2=" " tag="CAT"><subfield code="a">Sys</subfield><subfield code="c">20120404</subfield><subfield code="h">154658</subfield></datafield></record></collection>